@inproceedings{Papon2013,
author = {Papon, Jeremie and Abramov, Alexey and Schoeler, Markus and Worgotter, Florentin},
booktitle = {Proceedings of the IEEE Computer Society Conference on Computer Vision and Pattern Recognition},
doi = {10.1109/CVPR.2013.264},
issn = {10636919},
keywords = {PCL,kinect,pointclouds,segmentation,superpixels},
title = {{Voxel cloud connectivity segmentation - Supervoxels for point clouds}},
year = {2013}
}@inproceedings{Rusu2011,
author = {Rusu, Radu Bogdan and Cousins, Steve},
booktitle = {Proceedings - IEEE International Conference on Robotics and Automation},
doi = {10.1109/ICRA.2011.5980567},
isbn = {9781612843865},
issn = {10504729},
title = {{3D is here: Point Cloud Library (PCL)}},
year = {2011}
}

@article{Isenburg2013, 
author = {Isenburg, Martin},
doi = {10.14358/PERS.79.2.209},
issn = {00991112},
journal = {Photogrammetric Engineering and Remote Sensing},
title = {{LASzip: Lossless compression of lidar data}},
year = {2013}
}
@inproceedings{Loskot2008,
author = {Loskot, Mateusz},
booktitle = {FOSS4G 2008},
keywords = {Lidar processing; ASPRS LAS; APIs},
title = {{Introduction to ASPRS LAS data processing with libLAS}},
year = {2008}
}
